@article{VOPartOne,
author = {D. Scaramuzza and F. Fraundorfer},
title = {Visual Odometry: Part i - the first 30 years and fundamentals},
journal = {IEEE Robotics and Automation Magazine},
volume = {18},
number = {4},
year = {2011},
}


@article{VOPartTwo,
author = {D. Scaramuzza and F. Fraundorfer},
title = {Visual Odometry: Part ii - matching, robustness, and applications},
journal = {IEEE Robotics and Automation Magazine},
volume = {19},
number = {2},
year = {2012},
}


@article{HeadingAppearance,
author = {D. Scaramuzza and R. Siegwart},
title = {Correcting vehicle heading in visual odometry by using image appearance},
journal = {Eidgenossische Technische Hochschule Zurich},
organization = {Autonomous Systems Lab},
year = {2008},
}


@misc{YoutubeOne,
author = {J. Sturm},
title = {Lecture 6: Visual Navigation for Flying Robots},
organization = {Technishe Universitat Munchen},
year = {2013},
howpublished = "\url{https://www.youtube.com/watch?v=HuzC0MAlo0w}",
note = "[online; accessed 05-May-2015]"
}



@misc{YoutubeTwo,
author = {J. Sturm},
title = {Lecture 7: Visual Navigation for Flying Robots},
organization = {Technishe Universitat Munchen},
year = {2013},
howpublished = "\url{https://www.youtube.com/watch?v=5E5n7fhLHEM}",
note = "[online; accessed 05-May-2015]"
}

